% Encoding: UTF-8

%----
@PhdThesis{Herber2017e,
  author  = {Herber, Daniel R.},
  title   = {Advances in combined architecture, plant, and control design},
  school  = {University of Illinois at Urbana-Champaign},
  year    = {2017},
  type    = {{Ph.D.} {Dissertation}},
  address = {Urbana, IL, USA},
  month   = dec,
}
@Comment{jabref-meta: databaseType:bibtex;}


@doi{}